@article{Nadler2008,
    Author = {Boaz Nadler and Ronald R. Coifman and Ioannis G. Kevrekidis and St{\'e}phane Lafon and Mauro Maggioni},
    Doi = {http://dx.doi.org/10.1137/070696325},
    Issn = {1540-3467},
    Journal = {Society for Industrial and Applied Mathematics},
    Note = {Multiscale Model. Simul.},
    Title = {Diffusion Maps, Reduction Coordinates, and Low Dimensional Representation of Stochastic Systems},
    Url = {http://www.wisdom.weizmann.ac.il/~nadler/Publications/diffusion_map_MMS.pdf},
    Year = {2008},
    Bdsk-Url-1 = {http://epubs.siam.org/doi/abs/10.1137/070696325}
}

@article{Neumaier97,
	Author = {Arnold Neumaier},
	Title  = {Molecular modeling of proteins and mathematical prediction of protein structure},
	Url    = {http://www.mat.univie.ac.at/~neum/ms/protein.pdf},
	Year   = {2006},
	Bdsk-Url-1 = {http://epubs.siam.org/doi/abs/10.1137/S0036144594278060},
	Issn = {1095-7200},
	Doi = {http://dx.doi.org/10.1137/S0036144594278060}
}