@article{Nadler2008,
    Author = {Boaz Nadler and Ronald R. Coifman and Ioannis G. Kevrekidis and St{\'e}phane Lafon and Mauro Maggioni},
    Doi = {http://dx.doi.org/10.1137/070696325},
    Issn = {1540-3467},
    Journal = {Society for Industrial and Applied Mathematics},
    Note = {Multiscale Model. Simul.},
    Title = {Diffusion Maps, Reduction Coordinates, and Low Dimensional Representation of Stochastic Systems},
    Url = {http://www.wisdom.weizmann.ac.il/~nadler/Publications/diffusion_map_MMS.pdf},
    Year = {2008},
    Bdsk-Url-1 = {http://epubs.siam.org/doi/abs/10.1137/070696325}
}

@article{Neumaier97,
	Author = {Arnold Neumaier},
	Title  = {Molecular modeling of proteins and mathematical prediction of protein structure},
	Url    = {http://www.mat.univie.ac.at/~neum/ms/protein.pdf},
	Year   = {2006},
	Bdsk-Url-1 = {http://epubs.siam.org/doi/abs/10.1137/S0036144594278060},
	Issn = {1095-7200},
	Doi = {http://dx.doi.org/10.1137/S0036144594278060}
}

@book{Neumaier01,
  title={Introduction to numerical analysis},
  author={Neumaier, Arnold},
  year={2001},
  publisher={Cambridge University Press}
}

@article{nerf,
  title={Practical conversion from torsion space to Cartesian space for in silico protein synthesis},
  author={Parsons, Jerod and Holmes, J Bradley and Rojas, J Maurice and Tsai, Jerry and Strauss, Charlie EM},
  journal={Journal of computational chemistry},
  volume={26},
  number={10},
  pages={1063--1068},
  year={2005},
  publisher={Wiley Online Library}
}

@phdthesis{burger,
  title={Optimization methods for protein folding},
  author={Burger, Virginia Margaret},
  year={2008},
  school={University of Vienna}
}

@misc{berg,
  title={Biochemistry},
  author={Jeremy Berg and John Tymoczko and Lubert Stryer},
  year={2002},
  publisher={Freeman and Company: New York}
}

@inproceedings{autograd,
  title={Gradient-based Hyperparameter Optimization through Reversible Learning},
  author={Dougal Maclaurin and David Duvenaud and Ryan P. Adams},
  year={2015},
  month={July},
  booktitle={Proceedings of the 32nd International Conference on Machine Learning}
}